<?xml version="1.0" encoding="UTF-8"?><collection xmlns="http://www.loc.gov/MARC21/slim"><record><leader>00587nam--2200181-i-4500</leader><controlfield tag="001">000000222</controlfield><controlfield tag="002">20161230</controlfield><controlfield tag="005">20161230201023</controlfield><controlfield tag="008">060222s1000------------r-----000-0-eng-d</controlfield><datafield ind1=" " ind2=" " tag="040"><subfield code="a">IFIN-HH</subfield></datafield><datafield ind1=" " ind2=" " tag="080"><subfield code="a">539.1.01</subfield></datafield><datafield ind1="1" ind2=" " tag="100"><subfield code="a">De-shalit, A</subfield></datafield><datafield ind1="1" ind2="0" tag="245"><subfield code="a">Fundamentals in nuclear theory</subfield><subfield code="b">Lectures presented at an international course, trieste, october 3 - december 16, 1966</subfield><subfield code="c">A. de-shalit, c. villi (scientific editors)</subfield></datafield><datafield ind1=" " ind2=" " tag="260"><subfield code="a">Vienna</subfield><subfield code="b">International Atomic Energy Agency</subfield><subfield code="c">1967</subfield></datafield><datafield ind1=" " ind2=" " tag="300"><subfield code="a">913 P</subfield></datafield><datafield ind1="1" ind2=" " tag="700"><subfield code="a">Villi, C</subfield><subfield code="e">Ed</subfield></datafield><datafield ind1=" " ind2=" " tag="852"><subfield code="a">27649</subfield><subfield code="c">539</subfield></datafield><datafield ind1=" " ind2=" " tag="CAT"><subfield code="a">Sys</subfield><subfield code="c">20111004</subfield><subfield code="h">160739</subfield></datafield></record></collection>